@misc{IRSpec,
  title={CoreGen Intermediate Representation Language Specification},
  author={Leidel, John and Conlon, Frank},
  publisher={Tactical Computing Laboratories, LLC},
  year={2019},
  url={https://github.com/opensocsysarch/CoreGenIRSpec}
}

@misc{YAML,
  title={YAML Ainâ€™t Markup Language (YAML) Version 1.2},
  author={Ben-Kiki, Oren and Evans, Clark and dotNet, Ingy},
  publisher={YAML},
  year={2009},
  url={http://yaml.org/spec/1.2/spec.html}
}
